%YAML 1.1
%TAG !u! tag:unity3d.com,2011:
--- !u!241 &24100000
AudioMixerController:
  m_ObjectHideFlags: 0
  m_PrefabParentObject: {fileID: 0}
  m_PrefabInternal: {fileID: 0}
  m_Name: MasterMixer
  m_OutputGroup: {fileID: 0}
  m_MasterGroup: {fileID: 24300002}
  m_Snapshots:
  - {fileID: 24500006}
  m_StartSnapshot: {fileID: 24500006}
  m_SuspendThreshold: -80
  m_EnableSuspend: 1
  m_UpdateMode: 0
  m_ExposedParameters:
  - guid: 2db1dbee857e5a6439ef7d5d0bc8ae9f
    name: MasterVolume
  - guid: e9212c99d0be95b44832656dfe0c8ff8
    name: SFXVolume
  - guid: 320de8fd707d55849afd04ad69ff2a2e
    name: MusicVolume
  m_AudioMixerGroupViews:
  - guids:
    - 4022ea433471e8d4abf9b965c8f476db
    - 6f5a079cfa8bcf2468341ddc55525f29
    - 05f4040acf1cde24294f92ccfeb744fd
    name: View
  m_CurrentViewIndex: 0
  m_TargetSnapshot: {fileID: 24500006}
--- !u!243 &24300002
AudioMixerGroupController:
  m_ObjectHideFlags: 0
  m_PrefabParentObject: {fileID: 0}
  m_PrefabInternal: {fileID: 0}
  m_Name: Master
  m_AudioMixer: {fileID: 24100000}
  m_GroupID: 4022ea433471e8d4abf9b965c8f476db
  m_Children:
  - {fileID: 243904624697164432}
  - {fileID: 243770516267359858}
  m_Volume: 2db1dbee857e5a6439ef7d5d0bc8ae9f
  m_Pitch: 63371264ff6920f45ab22a8d3fc77430
  m_Effects:
  - {fileID: 24400004}
  m_UserColorIndex: 0
  m_Mute: 0
  m_Solo: 0
  m_BypassEffects: 0
--- !u!244 &24400004
AudioMixerEffectController:
  m_ObjectHideFlags: 3
  m_PrefabParentObject: {fileID: 0}
  m_PrefabInternal: {fileID: 0}
  m_Name: 
  m_EffectID: 686e8409d89bcb244a68daa0b147cc81
  m_EffectName: Attenuation
  m_MixLevel: ad0fc8ddb73fb9249af1fc41c725a6ec
  m_Parameters: []
  m_SendTarget: {fileID: 0}
  m_EnableWetMix: 0
  m_Bypass: 0
--- !u!245 &24500006
AudioMixerSnapshotController:
  m_ObjectHideFlags: 0
  m_PrefabParentObject: {fileID: 0}
  m_PrefabInternal: {fileID: 0}
  m_Name: Snapshot
  m_AudioMixer: {fileID: 24100000}
  m_SnapshotID: e085688217a5db742be2ce953e078939
  m_FloatValues: {}
  m_TransitionOverrides: {}
--- !u!243 &243770516267359858
AudioMixerGroupController:
  m_ObjectHideFlags: 0
  m_PrefabParentObject: {fileID: 0}
  m_PrefabInternal: {fileID: 0}
  m_Name: New Group
  m_AudioMixer: {fileID: 24100000}
  m_GroupID: 05f4040acf1cde24294f92ccfeb744fd
  m_Children: []
  m_Volume: e9212c99d0be95b44832656dfe0c8ff8
  m_Pitch: 1d173a9b179cd4645947a9327de21904
  m_Effects:
  - {fileID: 244258732183747598}
  m_UserColorIndex: 0
  m_Mute: 0
  m_Solo: 0
  m_BypassEffects: 0
--- !u!243 &243904624697164432
AudioMixerGroupController:
  m_ObjectHideFlags: 0
  m_PrefabParentObject: {fileID: 0}
  m_PrefabInternal: {fileID: 0}
  m_Name: New Group
  m_AudioMixer: {fileID: 24100000}
  m_GroupID: 6f5a079cfa8bcf2468341ddc55525f29
  m_Children: []
  m_Volume: 320de8fd707d55849afd04ad69ff2a2e
  m_Pitch: 765a381e9c16a634c82fd28e20278417
  m_Effects:
  - {fileID: 244982396675825782}
  m_UserColorIndex: 0
  m_Mute: 0
  m_Solo: 0
  m_BypassEffects: 0
--- !u!244 &244258732183747598
AudioMixerEffectController:
  m_ObjectHideFlags: 3
  m_PrefabParentObject: {fileID: 0}
  m_PrefabInternal: {fileID: 0}
  m_Name: 
  m_EffectID: b119cbd6c6c4b0f4e8d2ecaa764566cc
  m_EffectName: Attenuation
  m_MixLevel: 1c982228c66ddc7409ab6a77c76455ee
  m_Parameters: []
  m_SendTarget: {fileID: 0}
  m_EnableWetMix: 0
  m_Bypass: 0
--- !u!244 &244982396675825782
AudioMixerEffectController:
  m_ObjectHideFlags: 3
  m_PrefabParentObject: {fileID: 0}
  m_PrefabInternal: {fileID: 0}
  m_Name: 
  m_EffectID: ba7af249a44fd4644943e350ffbab4f4
  m_EffectName: Attenuation
  m_MixLevel: 2460fffdf04be4a419ee48219945d2d3
  m_Parameters: []
  m_SendTarget: {fileID: 0}
  m_EnableWetMix: 0
  m_Bypass: 0
